<record><leader>00000cas a22000007a 4500</leader><controlfield tag="001">14227778</controlfield><controlfield tag="008">860917d19281933txuwr ne      0    0eng d</controlfield><datafield ind1=" " ind2=" " tag="010"><subfield code="a">sn 86088998 </subfield></datafield><datafield ind1=" " ind2=" " tag="040"><subfield code="a">PPM</subfield><subfield code="b">eng</subfield><subfield code="c">PPM</subfield><subfield code="d">OCL</subfield><subfield code="d">OCLCQ</subfield></datafield><datafield ind1=" " ind2=" " tag="042"><subfield code="a">msc</subfield></datafield><datafield ind1="0" ind2="4" tag="245"><subfield code="a">The Big Bend sentinel (and the Marfa new era).</subfield></datafield><datafield ind1=" " ind2=" " tag="260"><subfield code="a">Marfa, Tex. :</subfield><subfield code="b">[s.n.]</subfield></datafield><datafield ind1=" " ind2=" " tag="300"><subfield code="a">v. :</subfield><subfield code="b">ill.</subfield></datafield><datafield ind1="1" ind2=" " tag="362"><subfield code="a">Began Apr. 9, 1928; ceased in May 1933.</subfield></datafield><datafield ind1=" " ind2=" " tag="588"><subfield code="a">Description based on: Vol. 3, no. 2 (Apr. 12, 1928).</subfield></datafield><datafield ind1=" " ind2=" " tag="752"><subfield code="a">United States</subfield><subfield code="b">Texas</subfield><subfield code="c">Presidio</subfield><subfield code="d">Marfa.</subfield></datafield><datafield ind1="0" ind2="4" tag="780"><subfield code="t">Big Bend sentinel</subfield><subfield code="w">(DLC)sn 86088828</subfield></datafield><datafield ind1="0" ind2="4" tag="780"><subfield code="t">New era (Marfa, Tex. : 1886)</subfield><subfield code="w">(DLC)sn 86089007</subfield></datafield><datafield ind1="0" ind2="0" tag="785"><subfield code="t">Big Bend sentinel (and the new era)</subfield><subfield code="w">(DLC)sn 86088999</subfield></datafield></record>